@article{calratio,
	title     = {Search for neutral long-lived particles in pp collisions at $\sqrt{s}$ = 13 TeV that decay into displaced hadronic jets in the ATLAS calorimeter},
	volume    = {2022},
	issn      = {1029-8479},
	url       = {http://dx.doi.org/10.1007/JHEP06(2022)005},
	doi       = {10.1007/jhep06(2022)005},
	number    = {6},
	journal   = {Journal of High Energy Physics},
	publisher = {Springer Science and Business Media LLC},
	author    = {{ATLAS collaboration}},
	year      = {2022},
	month     = jun
}
